@book{rosner2015fundamentals,
  title={Fundamentals of Biostatistics},
  author={Rosner, Bernard},
  year={2015},
  edition={8th},
  publisher={Cengage Learning},
  address={Boston, MA}
}

@book{pagano2000principles,
  title={Principles of Biostatistics},
  author={Pagano, Marcello and Gauvreau, Kimberlee},
  year={2000},
  edition={2nd},
  publisher={Duxbury Press},
  address={Pacific Grove, CA}
}

@book{jewell2003statistics,
  title={Statistics for Epidemiology},
  author={Jewell, Nicholas P.},
  year={2003},
  publisher={Chapman and Hall/CRC},
  address={Boca Raton, FL}
}

@software{r_core_team2023,
  title={R: A Language and Environment for Statistical Computing},
  author={{R Core Team}},
  year={2023},
  organization={R Foundation for Statistical Computing},
  address={Vienna, Austria},
  url={https://www.R-project.org/}
}

@book{wickham2017r4ds,
  title={R for Data Science: Import, Tidy, Transform, Visualize, and Model Data},
  author={Wickham, Hadley and Grolemund, Garrett},
  year={2017},
  publisher={O'Reilly Media},
  address={Sebastopol, CA},
  url={https://r4ds.had.co.nz/}
}